@article{lecun1995convolutional,
    title={Convolutional networks for images, speech, and time series},
    author={LeCun, Yann and Bengio, Yoshua and others},
    journal={The handbook of brain theory and neural networks},
    volume={3361},
    number={10},
    pages={1995},
    year={1995}
}

@inproceedings{he2016deep,
    title={Deep residual learning for image recognition},
    author={He, Kaiming and Zhang, Xiangyu and Ren, Shaoqing and Sun, Jian},
    booktitle={Proceedings of the IEEE conference on computer vision and pattern recognition},
    pages={770--778},
    year={2016}
}

@misc{cgtn,
title = {{Explainer: China wastes no time in waste sorting - CGTN}},
url = {https://news.cgtn.com/news/2019-12-12/Explainer-China-wastes-no-time-in-waste-sorting-MmLjlsvvP2/index.html},
urldate = {2021-12-11}
}

@misc{Kaggle_dataset_12,
title = {{Garbage Classification (12 classes) | Kaggle}},
url = {https://www.kaggle.com/mostafaabla/garbage-classification/tasks?taskId=3361},
urldate = {2021-12-11}
}

@misc{Kaggle_dataset_6,
title = {{Garbage Classification | Kaggle}},
url = {https://www.kaggle.com/asdasdasasdas/garbage-classification/tasks?taskId=1283},
urldate = {2021-12-11}
}

